@inproceedings{den2005facereader,
  title={The FaceReader: Online facial expression recognition},
  author={Den Uyl, MJ and Van Kuilenburg, H},
  booktitle={Proceedings of measuring behavior},
  volume={30},
  pages={589--590},
  year={2005}
}

@article{emotionnetworking2017,
    author = {Jasmijn Rana and M. Willemsen and H. C. Dibbits},
    title = {Moved by the tears of others: emotion networking in the heritage sphere},
    journal = {International Journal of Heritage Studies},
    volume = {23},
    number = {10},
    pages = {977-988},
    year  = {2017},
    publisher = {Routledge},
    doi = {10.1080/13527258.2017.1362581},
    URL = { 
            https://doi.org/10.1080/13527258.2017.1362581
    },
    eprint = { 
            https://doi.org/10.1080/13527258.2017.1362581
    }
}

@unpublished{gent2016landmarks,
    author = {van Gent, P.},
    title = {Emotion Recognition Using Facial Landmarks, Python, Dlib and OpenCV},
    year = {2016}
    note = {A tech blog about fun things with Python and embedded electronics}
    URL = {http://www.paulvangent.com/2016/08/05/emotion-recognition-using-facial-landmarks/}
}
